<record xmlns='http://www.loc.gov/MARC21/slim'><leader>01488cim a22003972u 4500</leader><controlfield tag='001'>3602159</controlfield><controlfield tag='005'>20151214183041.0</controlfield><controlfield tag='007'>ss|lmnjluz|nuu</controlfield><controlfield tag='008'>991101s1989    nyunnn         l    eng d</controlfield><datafield ind1=' ' ind2=' ' tag='035'><subfield code='a'>(NIC)notisASF9224</subfield></datafield><datafield ind1=' ' ind2=' ' tag='035'><subfield code='a'>3602159</subfield></datafield><datafield ind1=' ' ind2=' ' tag='035'><subfield code='a'>(OCoLC)63898892</subfield></datafield><datafield ind1=' ' ind2=' ' tag='040'><subfield code='a'>NIC</subfield><subfield code='c'>NIC</subfield><subfield code='d'>NIC</subfield><subfield code='d'>NIC</subfield></datafield><datafield ind1='1' ind2=' ' tag='100'><subfield code='a'>Leary, Timothy,</subfield><subfield code='d'>1920-1996.</subfield></datafield><datafield ind1='1' ind2='0' tag='245'><subfield code='a'>[Timothy Leary speaks at Cornell.]</subfield><subfield code='h'>[sound recording]</subfield></datafield><datafield ind1=' ' ind2=' ' tag='260'><subfield code='c'>1989.</subfield></datafield><datafield ind1=' ' ind2=' ' tag='300'><subfield code='a'>2 sound cassettes (160 min.) :</subfield><subfield code='b'>analog, mono.</subfield></datafield><datafield ind1=' ' ind2=' ' tag='500'><subfield code='a'>Recorded in Ithaca, NY by Cornell University.</subfield></datafield><datafield ind1=' ' ind2=' ' tag='500'><subfield code='a'>Sponsored by: Cornell Civil Liberties Union.</subfield></datafield><datafield ind1=' ' ind2=' ' tag='518'><subfield code='a'>Lecture, April 23, 1989.</subfield></datafield><datafield ind1=' ' ind2=' ' tag='520'><subfield code='a'>Leary advocates for individuality through a humorous look at the traditions and idols of mankind.</subfield></datafield><datafield ind1='1' ind2='0' tag='600'><subfield code='a'>Leary, Timothy,</subfield><subfield code='d'>1920-1996.</subfield></datafield><datafield ind1=' ' ind2='0' tag='650'><subfield code='a'>Individuality.</subfield></datafield><datafield ind1=' ' ind2='0' tag='650'><subfield code='a'>Individualism.</subfield></datafield><datafield ind1=' ' ind2='0' tag='651'><subfield code='a'>United States</subfield><subfield code='x'>History</subfield><subfield code='y'>1961-1969.</subfield></datafield><datafield ind1=' ' ind2='0' tag='651'><subfield code='a'>United States</subfield><subfield code='x'>Social life and customs</subfield><subfield code='y'>20th century</subfield><subfield code='x'>Anecdotes.</subfield></datafield><datafield ind1='1' ind2='7' tag='600'><subfield code='a'>Leary, Timothy,</subfield><subfield code='d'>1920-1996</subfield><subfield code='2'>fast</subfield><subfield code='0'>(OCoLC)fst01427408</subfield></datafield><datafield ind1=' ' ind2='7' tag='648'><subfield code='a'>1900 - 1999</subfield><subfield code='2'>fast</subfield></datafield><datafield ind1=' ' ind2='7' tag='650'><subfield code='a'>Individualism</subfield><subfield code='2'>fast</subfield><subfield code='0'>(OCoLC)fst00970328</subfield></datafield><datafield ind1=' ' ind2='7' tag='650'><subfield code='a'>Individuality</subfield><subfield code='2'>fast</subfield><subfield code='0'>(OCoLC)fst00970343</subfield></datafield><datafield ind1=' ' ind2='7' tag='650'><subfield code='a'>Manners and customs</subfield><subfield code='2'>fast</subfield><subfield code='0'>(OCoLC)fst01007815</subfield></datafield><datafield ind1=' ' ind2='7' tag='651'><subfield code='a'>United States</subfield><subfield code='2'>fast</subfield><subfield code='0'>(OCoLC)fst01204155</subfield></datafield><datafield ind1=' ' ind2='7' tag='655'><subfield code='a'>Anecdotes</subfield><subfield code='2'>fast</subfield><subfield code='0'>(OCoLC)fst01423876</subfield></datafield><datafield ind1='1' ind2=' ' tag='899'><subfield code='a'>CULectures</subfield></datafield><datafield ind1=' ' ind2=' ' tag='905'><subfield code='a'>20000413120000.0</subfield></datafield><datafield ind1='2' ind2=' ' tag='948'><subfield code='a'>20141221</subfield><subfield code='b'>m</subfield><subfield code='d'>batch</subfield><subfield code='e'>lts</subfield><subfield code='x'>addfast</subfield></datafield></record>